<?xml version="1.0" encoding="UTF-8"?><record xmlns="http://www.loc.gov/MARC21/slim" xmlns:cinclude="http://apache.org/cocoon/include/1.0" xmlns:zs="http://www.loc.gov/zing/srw/">
  <leader>00575nz  a2200145n  4500</leader>
  <controlfield tag="001">no2010130512</controlfield>
  <controlfield tag="003">DLC</controlfield>
  <controlfield tag="005">20100813075316.0</controlfield>
  <controlfield tag="008">100811n| acannaabn          |n ana     c</controlfield>
  <datafield tag="010" ind1=" " ind2=" ">
    <subfield code="a">no2010130512</subfield>
  </datafield>
  <datafield tag="035" ind1=" " ind2=" ">
    <subfield code="a">(OCoLC)oca08589391</subfield>
  </datafield>
  <datafield tag="040" ind1=" " ind2=" ">
    <subfield code="a">FJUNF-MA</subfield>
    <subfield code="b">eng</subfield>
    <subfield code="c">FJUNF-MA</subfield>
  </datafield>
  <datafield tag="110" ind1="2" ind2=" ">
    <subfield code="a">Wildside Productions</subfield>
  </datafield>
  <datafield tag="670" ind1=" " ind2=" ">
    <subfield code="a">Dying to have known [VR] 2006:</subfield>
    <subfield code="b">credits (Insight Passage Productions &amp; Wildside Productions in association with William Bacon Productions presents)</subfield>
  </datafield>
  <datafield tag="670" ind1=" " ind2=" ">
    <subfield code="a">Wildside Productions WWW home page, August 4, 2010</subfield>
    <subfield code="b">contents (Wildside Productions, Ltd, Haines, Alaska)</subfield>
  </datafield>
</record>